@article{MENDES2017,
    title = {{Avaliação Tecnológica: Uma Proposta Metodológica}},
    journal = {{Revista de Administração Contemporânea}},
    author = {Mendes, Marcella Luiza Santos,  Melo, Daniel Reis Armond de},
    volume = {21},
    year = {2017},
    publisher = {scielo},
    language = {en,  pt},
    month = {07},
    crossref = {10.1590/1982-7849rac2017170047},
    pages = {569-584},
    URL = {http://www.scielo.br/scielo.php?script=sci_arttext&pid=S1415-65552017000400569&lang=pt},
    }

@article{MORMUL2017,
    title = {{Looking for attitudes related to amphibian species decline: how are peer-reviewed publications of education activities compared to ecological research?}},
    journal = {{Anais da Academia Brasileira de Ciências}},
    author = {MORMUL, ROGER P.,  MORMUL, TAYLA D.S.,  SANTOS, GUSTAVO M.B.,  SANTANA, ANA R.A.},
    volume = {89},
    year = {2017},
    publisher = {scielo},
    language = {en},
    month = {05},
    crossref = {10.1590/0001-3765201720160463},
    pages = {491-496},
    URL = {http://www.scielo.br/scielo.php?script=sci_arttext&pid=S0001-37652017000200491&lang=pt},
    }

@article{MARICATO2017,
    title = {{Relações interdisciplinares entre a Ciência da Informação e a Ciência da Comunicação: uma análise a partir de citações, formação das bancas e palavras-chave das teses das áreas}},
    journal = {{Perspectivas em Ciência da Informação}},
    author = {Maricato, João de Melo,  Reis, Filipe},
    volume = {22},
    year = {2017},
    publisher = {scielo},
    language = {en,  pt},
    month = {03},
    crossref = {10.1590/1981-5344/2630},
    pages = {112-132},
    URL = {http://www.scielo.br/scielo.php?script=sci_arttext&pid=S1413-99362017000100112&lang=pt},
    }

@article{TEIXEIRA2017,
    title = {{Evolução da inteligência competitiva com base em estudo métrico de sua literatura}},
    journal = {{Perspectivas em Ciência da Informação}},
    author = {Teixeira, Renata Cristina,  Souza, Cristina},
    volume = {22},
    year = {2017},
    publisher = {scielo},
    language = {en,  pt},
    month = {03},
    crossref = {10.1590/1981-5344/2037},
    pages = {170-185},
    URL = {http://www.scielo.br/scielo.php?script=sci_arttext&pid=S1413-99362017000100170&lang=pt},
    }

@article{ALVAREZ2017,
    title = {{Scientometric indicators for Brazilian research on High Energy Physics, 1983-2013}},
    journal = {{Anais da Academia Brasileira de Ciências}},
    author = {ALVAREZ, GONZALO R.,  VANZ, SAMILE A.S.,  BARBOSA, MARCIA C.},
    volume = {},
    year = {2017},
    publisher = {scielo},
    language = {en},
    crossref = {10.1590/0001-3765201720160620},
    URL = {http://www.scielo.br/scielo.php?script=sci_arttext&pid=S0001-37652017005011107&lang=pt},
    }

@article{RAZERA2016,
    title = {{A formação de professores em artigos da revista Ciência &amp; Educação (1998-2014): uma revisão cienciométrica}},
    journal = {{Ciência &amp; Educação (Bauru)}},
    author = {Razera, Júlio César Castilho},
    volume = {22},
    year = {2016},
    publisher = {scielo},
    language = {en,  pt},
    month = {09},
    crossref = {10.1590/1516-731320160030002},
    pages = {561-583},
    URL = {http://www.scielo.br/scielo.php?script=sci_arttext&pid=S1516-73132016000300561&lang=pt},
    }

@article{SOUZA2016,
    title = {{Tendências da literatura científica sobre genética de populações de plantas do Cerrado}},
    journal = {{Hoehnea}},
    author = {Souza, Ueric José Borges de,  Telles, Mariana Pires de Campos,  Diniz-Filho, José Alexandre Felizola},
    volume = {43},
    year = {2016},
    publisher = {scielo},
    language = {en,  pt},
    month = {09},
    crossref = {10.1590/2236-8906-06/2016},
    pages = {461-477},
    URL = {http://www.scielo.br/scielo.php?script=sci_arttext&pid=S2236-89062016000300461&lang=pt},
    }

@article{YAMAGUCHI2016,
    title = {{Produção científica sobre a Política Nacional de Promoção da Saúde}},
    journal = {{Ciência &amp; Saúde Coletiva}},
    author = {Yamaguchi, Mirian Ueda,  Bernuci, Marcelo Picinin,  Pavanelli, Gilberto Cezar},
    volume = {21},
    year = {2016},
    publisher = {scielo},
    language = {en,  pt},
    month = {06},
    crossref = {10.1590/1413-81232015216.07462016},
    pages = {1727-1736},
    URL = {http://www.scielosp.org/scielo.php?script=sci_arttext&pid=S1413-81232016000601727&lang=pt},
    }

@article{YAMAGUCHI2016,
    title = {{Produção científica sobre a Política Nacional de Promoção da Saúde}},
    journal = {{Ciência &amp; Saúde Coletiva}},
    author = {Yamaguchi, Mirian Ueda,  Bernuci, Marcelo Picinin,  Pavanelli, Gilberto Cezar},
    volume = {21},
    year = {2016},
    publisher = {scielo},
    language = {en,  pt},
    month = {06},
    crossref = {10.1590/1413-81232015216.07462016},
    pages = {1727-1736},
    URL = {http://www.scielo.br/scielo.php?script=sci_arttext&pid=S1413-81232016000601727&lang=pt},
    }

@article{ZAMBRANO-MORENO2016,
    title = {{Scientometric analysis of Colombian research on bio-inoculants for agricultural production}},
    journal = {{Universitas Scientiarum}},
    author = {Zambrano-Moreno, Diana Corina,  Avellaneda-Franco, Laura,  Zambrano, Gregorio,  Bonilla-Buitrago, Ruth Rebeca},
    volume = {21},
    year = {2016},
    publisher = {scielo},
    language = {en,  es,  pt},
    month = {04},
    crossref = {10.11144/Javeriana.SC21-1.saoc},
    pages = {63-81},
    URL = {http://www.scielo.org.co/scielo.php?script=sci_arttext&pid=S0122-74832016000100005&lang=pt},
    }

@article{SANTIN2016,
    title = {{Collaboration Networks in the Brazilian Scientific Output in Evolutionary Biology: 2000-2012}},
    journal = {{Anais da Academia Brasileira de Ciências}},
    author = {Santin, Dirce M.,  Vanz, Samile A.S.,  Stumpf, Ida R.C.},
    volume = {88},
    year = {2016},
    publisher = {scielo},
    language = {en,  pt},
    month = {03},
    crossref = {10.1590/0001-3765201620140620},
    pages = {165-178},
    URL = {http://www.scielo.br/scielo.php?script=sci_arttext&pid=S0001-37652016000100165&lang=pt},
    }

@article{BRANDIMARTE2016,
    title = {{Scientometric trends of freshwater benthic invertebrates studies in Brazil}},
    journal = {{Acta Limnologica Brasiliensia}},
    author = {Brandimarte, Ana Lúcia,  Melo, Ana Liz Uchida},
    volume = {28},
    year = {2016},
    publisher = {scielo},
    language = {en,  pt},
    crossref = {10.1590/s2179-975x4816},
    URL = {http://www.scielo.br/scielo.php?script=sci_arttext&pid=S2179-975X2016000100403&lang=pt},
    }

@article{SILVA-JUNIOR2016,
    title = {{Land use effects and stream metabolic rates: a review of ecosystem response}},
    journal = {{Acta Limnologica Brasiliensia}},
    author = {Silva-Junior, Eduardo Francisco da},
    volume = {28},
    year = {2016},
    publisher = {scielo},
    language = {en,  pt},
    crossref = {10.1590/S2179-975X0716},
    URL = {http://www.scielo.br/scielo.php?script=sci_arttext&pid=S2179-975X2016000100401&lang=pt},
    }

@article{KAMDEM2016,
    title = {{Scientific Performance of Brazilian Researchers in Pharmacology with grants from CNPq: A comparative study within the Brazilian categories}},
    journal = {{Anais da Academia Brasileira de Ciências}},
    author = {KAMDEM, JEAN P.,  ABOLAJI, AMOS O.,  ROOS, DANIEL H.,  CALABRÓ, LUCIANA,  BARBOSA, NILDA V.,  SOUZA, DIOGO O.,  ROCHA, JOÃO BATISTA T.},
    volume = {88},
    year = {2016},
    publisher = {scielo},
    language = {en,  pt},
    crossref = {10.1590/0001-3765201620150534},
    pages = {1735-1742},
    URL = {http://www.scielo.br/scielo.php?script=sci_arttext&pid=S0001-37652016000501735&lang=pt},
    }

@article{ALMEIDA2016,
    title = {{STATE OF THE ART OF SCIENTIFIC LITERATURE ON Hancornia speciosa: TRENDS AND GAPS}},
    journal = {{Revista Brasileira de Fruticultura}},
    author = {ALMEIDA, LUCIANE MADUREIRA DE,  NOGUEIRA, CÁSSIA APARECIDA,  BORGES, PEDRO PAULINO,  PRADO, ANGÉLICA DAIANE LEMOS DO,  GONÇALVES, PABLO JOSÉ},
    volume = {38},
    year = {2016},
    publisher = {scielo},
    language = {en,  pt},
    crossref = {10.1590/0100-29452016869},
    URL = {http://www.scielo.br/scielo.php?script=sci_arttext&pid=S0100-29452016000404001&lang=pt},
    }

@article{CABRAL NETTO2015,
    title = {{Uma análise cienciométrica da literatura de inteligência competitiva}},
    journal = {{Production}},
    author = {Cabral Netto, Olavo Viana,  Laurindo, Fernando José Barbin},
    volume = {25},
    year = {2015},
    publisher = {scielo},
    language = {en,  pt},
    month = {12},
    crossref = {10.1590/0103-6513.063411},
    pages = {764-778},
    URL = {http://www.scielo.br/scielo.php?script=sci_arttext&pid=S0103-65132015000400764&lang=pt},
    }

@article{MONGE-NáJERA2015,
    title = {{Bibliometry of Panama publications in the Science Citation Index Expanded: publication type, language, fields, authors and institutions}},
    journal = {{Revista de Biología Tropical}},
    author = {Monge-Nájera, Julián,  Ho, Yuh-Shan},
    volume = {63},
    year = {2015},
    publisher = {scielo},
    language = {en,  es},
    month = {12},
    pages = {1255-1266},
    URL = {http://www.scielo.sa.cr/scielo.php?script=sci_arttext&pid=S0034-77442015000401255&lang=pt},
    }

@article{ENSSLIN2015,
    title = {{Processo para evidenciação do estado da arte aplicado ao tema gestão de produção científica}},
    journal = {{Transinformação}},
    author = {ENSSLIN, Leonardo,  WAICZYK, Cleomir,  CHAVES, Leonardo Corrêa,  ENSSLIN, Eduardo Rolim},
    volume = {27},
    year = {2015},
    publisher = {scielo},
    language = {en,  pt},
    month = {12},
    crossref = {10.1590/0103-37862015000300004},
    pages = {219-228},
    URL = {http://www.scielo.br/scielo.php?script=sci_arttext&pid=S0103-37862015000300219&lang=pt},
    }

@article{PAZ ENRIQUE2015,
    title = {{Estudio de productividad científica internacional de la temática Caña de Azúcar relacionada con Química Aplicada}},
    journal = {{Tecnología Química}},
    author = {Paz Enrique, Luis Ernesto,  Hernández Alfonso, Eduardo Alejandro},
    volume = {35},
    year = {2015},
    publisher = {scielo},
    language = {en,  es},
    month = {12},
    pages = {295-307},
    URL = {http://scielo.sld.cu/scielo.php?script=sci_arttext&pid=S2224-61852015000300004&lang=pt},
    }

@article{DEUS2015,
    title = {{Resíduos sólidos no Brasil: contexto, lacunas e tendências}},
    journal = {{Engenharia Sanitaria e Ambiental}},
    author = {Deus, Rafael Mattos,  Battistelle, Rosane Aparecida Gomes,  Silva, Gustavo Henrique Ribeiro},
    volume = {20},
    year = {2015},
    publisher = {scielo},
    language = {en,  pt},
    month = {12},
    crossref = {10.1590/S1413-41522015020040129347},
    pages = {685-698},
    URL = {http://www.scielo.br/scielo.php?script=sci_arttext&pid=S1413-41522015000400685&lang=pt},
    }

@article{LYRA-NEVES2015,
    title = {{Ethnozoology in Brazil: analysis of the methodological risks in published studies}},
    journal = {{Brazilian Journal of Biology}},
    author = {Lyra-Neves, R. M.,  Santos, E. M.,  Medeiros, P. M.,  Alves, R. R. N.,  Albuquerque, U. P.},
    volume = {75},
    year = {2015},
    publisher = {scielo},
    language = {en,  pt},
    month = {11},
    crossref = {10.1590/1519-6984.09314},
    pages = {184-191},
    URL = {http://www.scielo.br/scielo.php?script=sci_arttext&pid=S1519-69842015000800184&lang=pt},
    }

@article{VAZ2015,
    title = {{Trends and biases in global scientific literature about ecological niche models}},
    journal = {{Brazilian Journal of Biology}},
    author = {Vaz, U. L.,  Cunha, H. F.,  Nabout, J. C.},
    volume = {75},
    year = {2015},
    publisher = {scielo},
    language = {en,  pt},
    month = {11},
    crossref = {10.1590/1519-6984.22713},
    pages = {17-24},
    URL = {http://www.scielo.br/scielo.php?script=sci_arttext&pid=S1519-69842015000800017&lang=pt},
    }

@article{CAñEDO ANDALIA2015,
    title = {{Impacto internacional de la investigación en salud de Cuba según áreas del conocimiento, Scopus, 2009-2013}},
    journal = {{Correo Científico Médico}},
    author = {Cañedo Andalia, Rubén,  Nodarse Rodríguez, Mario,  Cruz Font, Jaime,  Celorrio Zaragoza, Ivonne,  Parra Linares, Edwar},
    volume = {19},
    year = {2015},
    publisher = {scielo},
    language = {en,  es},
    month = {09},
    pages = {588-597},
    URL = {http://scielo.sld.cu/scielo.php?script=sci_arttext&pid=S1560-43812015000300024&lang=pt},
    }

@article{CHONG-CARRILLO2015,
    title = {{Research on the river shrimps of the genus Macrobrachium (Bate, 1868) (Decapoda: Caridea: Palaemonidae) with known or potential economic importance: strengths and weaknesses shown through scientometrics}},
    journal = {{Latin american journal of aquatic research}},
    author = {Chong-Carrillo, Olimpia,  Vega-Villasante, Fernando,  Arencibia-Jorge, Ricardo,  Akintola, Shehu L,  Michán-Aguirre, Layla,  Cupul-Magaña, Fabio G},
    volume = {43},
    year = {2015},
    publisher = {scielo},
    language = {en,  es},
    month = {09},
    crossref = {10.3856/vol43-issue4-fulltext-7},
    pages = {684-690},
    URL = {http://www.scielo.cl/scielo.php?script=sci_arttext&pid=S0718-560X2015000400007&lang=pt},
    }

@article{LINS2015,
    title = {{Estudos métricos em Saúde Coletiva: um olhar sobre a produção científica brasileira indexada nas bases de dados internacionais}},
    journal = {{Physis: Revista de Saúde Coletiva}},
    author = {Lins, Rosane Abdala,  Guimarães, Maria Cristina Soares,  Pires-Alves, Fernando Antônio,  Silva, Cícera Henrique da},
    volume = {25},
    year = {2015},
    publisher = {scielo},
    language = {en,  pt},
    month = {09},
    crossref = {10.1590/S0103-73312015000300015},
    pages = {975-992},
    URL = {http://www.scielosp.org/scielo.php?script=sci_arttext&pid=S0103-73312015000300975&lang=pt},
    }

@article{LINS2015,
    title = {{Estudos métricos em Saúde Coletiva: um olhar sobre a produção científica brasileira indexada nas bases de dados internacionais}},
    journal = {{Physis: Revista de Saúde Coletiva}},
    author = {Lins, Rosane Abdala,  Guimarães, Maria Cristina Soares,  Pires-Alves, Fernando Antônio,  Silva, Cícera Henrique da},
    volume = {25},
    year = {2015},
    publisher = {scielo},
    language = {en,  pt},
    month = {09},
    crossref = {10.1590/S0103-73312015000300015},
    pages = {975-992},
    URL = {http://www.scielo.br/scielo.php?script=sci_arttext&pid=S0103-73312015000300975&lang=pt},
    }

@article{VALDéS S2015,
    title = {{Análisis de las publicaciones biomédicas chilenas indizadas en PubMed, en los años 2008 y 2009}},
    journal = {{Revista médica de Chile}},
    author = {Valdés S, Gloria,  Pérez G, Fernanda,  Reyes B, Humberto},
    volume = {143},
    year = {2015},
    publisher = {scielo},
    language = {en,  es},
    month = {08},
    pages = {979-986},
    URL = {http://www.scielo.cl/scielo.php?script=sci_arttext&pid=S0034-98872015000800003&lang=pt},
    }

@article{MOHALLEM2015,
    title = {{Brazilian impact factor of physics journals - the third side of the coin}},
    journal = {{Anais da Academia Brasileira de Ciências}},
    author = {Mohallem, José R.,  Fonseca, Norma E. da},
    volume = {87},
    year = {2015},
    publisher = {scielo},
    language = {en,  pt},
    month = {06},
    crossref = {10.1590/0001-3765201520140294},
    pages = {1233-1238},
    URL = {http://www.scielo.br/scielo.php?script=sci_arttext&pid=S0001-37652015000201233&lang=pt},
    }

@article{COSTA2015,
    title = {{Cientometria: a produção científica de Haity Moussatché}},
    journal = {{Transinformação}},
    author = {Costa, Elaine Kabarite,  Guimarães, Maria Cristina Soares,  Silva, Cícera Henrique da},
    volume = {27},
    year = {2015},
    publisher = {scielo},
    language = {en,  pt},
    month = {04},
    crossref = {10.1590/0103-37862015000100005},
    pages = {47-58},
    URL = {http://www.scielo.br/scielo.php?script=sci_arttext&pid=S0103-37862015000100047&lang=pt},
    }

@article{VILAÇA2015,
    title = {{Más condutas científicas uma abordagem crítico-comparativa para in-formar uma reflexão sobre o tema}},
    journal = {{Revista Brasileira de Educação}},
    author = {VILAÇA, MURILO MARIANO},
    volume = {20},
    year = {2015},
    publisher = {scielo},
    language = {en,  es,  pt},
    month = {03},
    crossref = {10.1590/S1413-24782015206012},
    pages = {245-269},
    URL = {http://www.scielo.br/scielo.php?script=sci_arttext&pid=S1413-24782015000100245&lang=pt},
    }

@article{IRIZAR2015,
    title = {{Lo que el dinero no puede comprar... ni la cienciometría medir. Una propuesta humanista del conocimiento frente al mercantilismo cienciométrico}},
    journal = {{Revista Lasallista de Investigación}},
    author = {Irizar, Liliana Beatriz,  Estupiñán Achury, Liliana,  Noguera Pardo, Camilo,  González Camargo, Javier,  Barragán, Laura Camila},
    volume = {12},
    year = {2015},
    publisher = {scielo},
    language = {en,  pt,  es},
    month = {01},
    pages = {162-176},
    URL = {http://www.scielo.org.co/scielo.php?script=sci_arttext&pid=S1794-44492015000100016&lang=pt},
    }

@article{JOLY2015,
    title = {{ANÁLISE DA PRODUÇÃO CIENTÍFICA EM ARTIGOS SOBRE ESTUDOS TRANSCULTURAIS NA AVALIAÇÃO PSICOLÓGICA EM BASES ONLINE}},
    journal = {{Acta Colombiana de Psicología}},
    author = {Joly, Maria Cristina Rodrigues Azevedo,  Bustamante, Maria Inês,  Oliveira, Sandra Maria da Silva Sales},
    volume = {18},
    year = {2015},
    publisher = {scielo},
    language = {en,  es,  pt},
    month = {01},
    crossref = {10.14718/ACP.2015.18.1.16},
    pages = {173-183},
    URL = {http://www.scielo.org.co/scielo.php?script=sci_arttext&pid=S0123-91552015000100016&lang=pt},
    }

@article{GAMBA2015,
    title = {{Pathways to Internationalize Brazilian Journals of Psychology}},
    journal = {{Psicologia: Reflexão e Crítica}},
    author = {Gamba, Estêvão C.,  Packer, Abel Laerte,  Meneghini, Rogerio},
    volume = {28},
    year = {2015},
    publisher = {scielo},
    language = {en,  pt},
    crossref = {10.1590/1678-7153.20152840010},
    pages = {66-71},
    URL = {http://www.scielo.br/scielo.php?script=sci_arttext&pid=S0102-79722015000600066&lang=pt},
    }

@article{ORTIZ TORRES2015,
    title = {{La evaluación del impacto científico en las investigaciones educativas a través de un estudio de caso}},
    journal = {{Revista electrónica de investigación educativa}},
    author = {Ortiz Torres, Emilio Alberto},
    volume = {17},
    year = {2015},
    publisher = {scielo},
    language = {en,  es},
    pages = {89-100},
    URL = {http://www.scielo.org.mx/scielo.php?script=sci_arttext&pid=S1607-40412015000200007&lang=pt},
    }

@article{PINTO2014,
    title = {{Visibilidad de los estudios en análisis de redes sociales en América del Sur: su evolución y métricas de 1990-2013}},
    journal = {{Transinformação}},
    author = {Pinto, Adilson Luiz,  Gonzales-Aguilar, Audilio},
    volume = {26},
    year = {2014},
    publisher = {scielo},
    language = {en,  es},
    month = {12},
    crossref = {10.1590/0103-3786201400030003},
    pages = {253-267},
    URL = {http://www.scielo.br/scielo.php?script=sci_arttext&pid=S0103-37862014000300253&lang=pt},
    }

@article{MORAIS2014,
    title = {{Plant functional groups: scientometric analysis focused on removal experimentsPlant functional groups: scientometric analysis focused on removal experiments}},
    journal = {{Acta Botanica Brasilica}},
    author = {Morais, Joicy Martins,  Cianciaruso, Marcus Vinicius},
    volume = {28},
    year = {2014},
    publisher = {scielo},
    language = {en},
    month = {12},
    crossref = {10.1590/0102-33062014abb3383},
    pages = {502-511},
    URL = {http://www.scielo.br/scielo.php?script=sci_arttext&pid=S0102-33062014000400003&lang=pt},
    }

@article{CAMPOS2014,
    title = {{Diversity patterns, research trends and mismatches of the investigative efforts to amphibian conservation in Brazil}},
    journal = {{Anais da Academia Brasileira de Ciências}},
    author = {CAMPOS, FELIPE S.,  BRITO, DANIEL,  SOLÉ, MIRCO},
    volume = {86},
    year = {2014},
    publisher = {scielo},
    language = {en,  pt},
    month = {12},
    crossref = {10.1590/0001-3765201420140170},
    pages = {1873-1886},
    URL = {http://www.scielo.br/scielo.php?script=sci_arttext&pid=S0001-37652014000401873&lang=pt},
    }

@article{CORREIA2014,
    title = {{Atividades administrativas e produção científica dos docentes: reflexos em Programas Brasileiros de Pós-Graduação em Física}},
    journal = {{Perspectivas em Ciência da Informação}},
    author = {Correia, Anna Elizabeth Galvão Coutinho,  Alvarenga, Lídia,  Garcia, Joana Coeli Ribeiro},
    volume = {19},
    year = {2014},
    publisher = {scielo},
    language = {en,  pt},
    month = {09},
    crossref = {10.1590/1981-5344/1824},
    pages = {98-117},
    URL = {http://www.scielo.br/scielo.php?script=sci_arttext&pid=S1413-99362014000300006&lang=pt},
    }

@article{GRáCIO2014,
    title = {{Indicadores cientométricos normalizados: um estudo na produção científica brasileira internacional (1996 a 2011)}},
    journal = {{Perspectivas em Ciência da Informação}},
    author = {Grácio, Maria Cláudia Cabrini,  Oliveira, Ely Francina Tannuri de},
    volume = {19},
    year = {2014},
    publisher = {scielo},
    language = {en,  pt},
    month = {09},
    crossref = {10.1590/1981-5344/1898},
    pages = {118-133},
    URL = {http://www.scielo.br/scielo.php?script=sci_arttext&pid=S1413-99362014000300007&lang=pt},
    }

@article{RUAS2014,
    title = {{Como construir indicadores de Ciência, Tecnologia e Inovação usando Web of Science, Derwent World Patent Index, Bibexcel e Pajek?}},
    journal = {{Perspectivas em Ciência da Informação}},
    author = {Ruas, Terry Lima,  Pereira, Luciana},
    volume = {19},
    year = {2014},
    publisher = {scielo},
    language = {en,  pt},
    month = {09},
    crossref = {10.1590/1981-5344/1678},
    pages = {52-81},
    URL = {http://www.scielo.br/scielo.php?script=sci_arttext&pid=S1413-99362014000300004&lang=pt},
    }

@article{BARBOSA2014,
    title = {{The scientific literature on Limnoperna fortunei (Dunker 1857) from 1982 to 2012}},
    journal = {{Anais da Academia Brasileira de Ciências}},
    author = {BARBOSA, FABIANA G.},
    volume = {86},
    year = {2014},
    publisher = {scielo},
    language = {en,  pt},
    month = {09},
    crossref = {10.1590/0001-3765201420130281},
    pages = {1373-1384},
    URL = {http://www.scielo.br/scielo.php?script=sci_arttext&pid=S0001-37652014000301373&lang=pt},
    }

@article{ARENCIBIA-ARREBOLA2014,
    title = {{Estudio bibliométrico de la producción científica de VacciMonitor (2000-2013)}},
    journal = {{Vaccimonitor}},
    author = {Arencibia-Arrebola, Daniel Francisco,  Betancourt-López, Virginia,  González-Alfalla, Norka,  Puig-Fernández, Yamira,  Biart-La Rosa, Orquídea,  Fernández-Sanguinety, Danilo Felipe,  Ochoa-Azze, Rolando Felipe},
    volume = {23},
    year = {2014},
    publisher = {scielo},
    language = {en,  es},
    month = {08},
    pages = {41-48},
    URL = {http://scielo.sld.cu/scielo.php?script=sci_arttext&pid=S1025-028X2014000200002&lang=pt},
    }

@article{BRACHO2014,
    title = {{Producción Científica sobre Narrativa en Educación Matemática en la Web of Science}},
    journal = {{Bolema: Boletim de Educação Matemática}},
    author = {Bracho, Rafael,  Jiménez-Fanjul, Noelia,  Maz-Machado, Alexander,  Torralbo-Rodríguez, Manuel,  Fernández-Cano, Antonio},
    volume = {28},
    year = {2014},
    publisher = {scielo},
    language = {en,  es},
    month = {08},
    crossref = {10.1590/1980-4415v28n49a14},
    pages = {744-761},
    URL = {http://www.scielo.br/scielo.php?script=sci_arttext&pid=S0103-636X2014000200744&lang=pt},
    }

@article{GONZáLEZ-CORREA2014,
    title = {{INVESTIGACIÓN EN LA FACULTAD DE CIENCIAS PARA LA SALUD, UNIVERSIDAD DE CALDAS (COLOMBIA), EN EL CONTEXTO IBEROAMERICANO}},
    journal = {{Hacia la Promoción de la Salud}},
    author = {González-Correa, Carlos Augusto,  González-Correa, Clara Helena},
    volume = {19},
    year = {2014},
    publisher = {scielo},
    language = {en,  pt,  es},
    month = {06},
    pages = {13-24},
    URL = {http://www.scielo.org.co/scielo.php?script=sci_arttext&pid=S0121-75772014000100002&lang=pt},
    }

@article{CAMPOS JIMéNEZ2014,
    title = {{Análisis biotecnológico de Latinoamérica a través de las patentes en Inmunología}},
    journal = {{Revista Cubana de Información en Ciencias de la Salud}},
    author = {Campos Jiménez, Elena,  Campos Ferrer, Adolfo},
    volume = {25},
    year = {2014},
    publisher = {scielo},
    language = {en,  es},
    month = {06},
    pages = {172-182},
    URL = {http://scielo.sld.cu/scielo.php?script=sci_arttext&pid=S2307-21132014000200004&lang=pt},
    }

@article{SIEBRITS2014,
    title = {{Water research paradigm shifts in South Africa}},
    journal = {{South African Journal of Science}},
    author = {Siebrits, Raymond,  Winter, Kevin,  Jacobs, Inga},
    volume = {110},
    year = {2014},
    publisher = {scielo},
    language = {en},
    month = {03},
    pages = {01-09},
    URL = {http://www.scielo.org.za/scielo.php?script=sci_arttext&pid=S0038-23532014000300014&lang=pt},
    }

@article{RAMíREZ2014,
    title = {{La Literatura Científica en Ciencias Empresariales: un Análisis Comparativo entre Chile y Brasil}},
    journal = {{Información tecnológica}},
    author = {Ramírez, Patricio E,  Mariano, Ari M},
    volume = {25},
    year = {2014},
    publisher = {scielo},
    language = {en,  es},
    crossref = {10.4067/S0718-07642014000600018},
    pages = {157-162},
    URL = {http://www.scielo.cl/scielo.php?script=sci_arttext&pid=S0718-07642014000600018&lang=pt},
    }

@article{AMBINDER2013,
    title = {{Novas experiências para apresentação, acesso e leitura de artigos científicos digitais na web}},
    journal = {{Transinformação}},
    author = {Ambinder, Déborah Motta,  Marcondes, Carlos Henrique},
    volume = {25},
    year = {2013},
    publisher = {scielo},
    language = {en,  pt},
    month = {12},
    crossref = {10.1590/S0103-37862013000300002},
    pages = {195-201},
    URL = {http://www.scielo.br/scielo.php?script=sci_arttext&pid=S0103-37862013000300002&lang=pt},
    }

@article{HERNÁNDEZ-POZO2013,
    title = {{ANÁLISIS CIENCIOMÉTRICO DE INVESTIGACIONES CON PERSPECTIVA FEMINISTA}},
    journal = {{Acta Colombiana de Psicología}},
    author = {HERNÁNDEZ-POZO, MARÍA DEL ROCÍO,  FERNÁNDEZ RIUS, LOURDES ELENA},
    volume = {16},
    year = {2013},
    publisher = {scielo},
    language = {en,  pt,  es},
    month = {12},
    pages = {31-46},
    URL = {http://www.scielo.org.co/scielo.php?script=sci_arttext&pid=S0123-91552013000200003&lang=pt},
    }

@article{COELHO-LIMA2013,
    title = {{A produção científica da Psicologia brasileira acerca do desemprego}},
    journal = {{Universitas Psychologica}},
    author = {Coelho-Lima, Fellipe,  Freire Costa, Ana Ludmila,  Bendassolli, Pedro F},
    volume = {12},
    year = {2013},
    publisher = {scielo},
    language = {es,  pt},
    month = {12},
    pages = {1283-1299},
    URL = {http://www.scielo.org.co/scielo.php?script=sci_arttext&pid=S1657-92672013000400022&lang=pt},
    }

@article{REIS2013,
    title = {{Influência do DNA mitocondrial no glaucoma primário de ângulo aberto sob a visão da cienciometria}},
    journal = {{Revista Brasileira de Oftalmologia}},
    author = {Reis, Leonardo Mariano,  Silva, Rodrigo Egídio da,  Rodrigues, Francisco Weliton},
    volume = {72},
    year = {2013},
    publisher = {scielo},
    language = {en,  pt},
    month = {10},
    crossref = {10.1590/S0034-72802013000500004},
    pages = {301-306},
    URL = {http://www.scielo.br/scielo.php?script=sci_arttext&pid=S0034-72802013000500004&lang=pt},
    }

@article{VILAçA2013,
    title = {{Diálogo sobre cientometria, mal-estar na academia e a polêmica do produtivismo}},
    journal = {{Revista Brasileira de Educação}},
    author = {Vilaça, Murilo Mariano,  Palma, Alexandre},
    volume = {18},
    year = {2013},
    publisher = {scielo},
    language = {en,  es,  pt},
    month = {06},
    crossref = {10.1590/S1413-24782013000200013},
    pages = {467-484},
    URL = {http://www.scielo.br/scielo.php?script=sci_arttext&pid=S1413-24782013000200013&lang=pt},
    }

@article{MILANEZ2013,
    title = {{Assessing nanocellulose developments using science and technology indicators}},
    journal = {{Materials Research}},
    author = {Milanez, Douglas Henrique,  Amaral, Roniberto Morato do,  Faria, Leandro Innocentini Lopes de,  Gregolin, José Angelo Rodrigues},
    volume = {16},
    year = {2013},
    publisher = {scielo},
    language = {en},
    month = {06},
    pages = {635-641},
    URL = {http://www.scielo.br/scielo.php?script=sci_arttext&pid=S1516-14392013000300014&lang=pt},
    }

@article{HERNáNDEZ GARCíA2013,
    title = {{Enfoques metodológicos para identificar y caracterizar la investigación mexicana en química en bases de datos bibliográficas}},
    journal = {{Investigación bibliotecológica}},
    author = {Hernández García, Yoscelina,  Kleiche Dray, Mina,  Russell, Jane M.},
    volume = {27},
    year = {2013},
    publisher = {scielo},
    language = {en,  es},
    month = {04},
    pages = {35-66},
    URL = {http://www.scielo.org.mx/scielo.php?script=sci_arttext&pid=S0187-358X2013000100003&lang=pt},
    }

@article{VéLEZ CUARTAS2013,
    title = {{Sociología de la Ciencia y Cienciometría: Una revisión de las teorías subyacentes}},
    journal = {{Revista Interamericana de Bibliotecología}},
    author = {Vélez Cuartas, Gabriel},
    volume = {36},
    year = {2013},
    publisher = {scielo},
    language = {en,  es},
    month = {04},
    pages = {11-24},
    URL = {http://www.scielo.org.co/scielo.php?script=sci_arttext&pid=S0120-09762013000100001&lang=pt},
    }

@article{SPILKI2013,
    title = {{Perfil dos bolsistas de produtividade do Conselho Nacional de Desenvolvimento Científico e Tecnológico (CNPq) na área de Medicina Veterinária}},
    journal = {{Pesquisa Veterinária Brasileira}},
    author = {Spilki, Fernando Rosado},
    volume = {33},
    year = {2013},
    publisher = {scielo},
    language = {en,  pt},
    month = {02},
    crossref = {10.1590/S0100-736X2013000200012},
    pages = {205-213},
    URL = {http://www.scielo.br/scielo.php?script=sci_arttext&pid=S0100-736X2013000200012&lang=pt},
    }

@article{JIMéNEZ2013,
    title = {{El Valor de la Tecnología: Enfoques Novedosos para su Determinación}},
    journal = {{Journal of technology management &amp; innovation}},
    author = {Jiménez, Claudia-Nelcy,  Castellanos, Oscar},
    volume = {8},
    year = {2013},
    publisher = {scielo},
    language = {en,  es},
    month = {02},
    crossref = {10.4067/S0718-27242013000300008},
    pages = {8-8},
    URL = {http://www.scielo.cl/scielo.php?script=sci_arttext&pid=S0718-27242013000300008&lang=pt},
    }

@article{SOORYAMOORTHY2013,
    title = {{Scientific research in the natural sciences in South Africa: A scientometric study}},
    journal = {{South African Journal of Science}},
    author = {Sooryamoorthy, Radhamany},
    volume = {109},
    year = {2013},
    publisher = {scielo},
    language = {en},
    pages = {01-11},
    URL = {http://www.scielo.org.za/scielo.php?script=sci_arttext&pid=S0038-23532013000400016&lang=pt},
    }

@article{LILLO2013,
    title = {{Principales Tendencias Iberoamericanas en Psicología Clínica: Un Estudio Basado en la Evidencia Científica}},
    journal = {{Terapia psicológica}},
    author = {Lillo, Sebastián,  Martini, Natalia},
    volume = {31},
    year = {2013},
    publisher = {scielo},
    language = {en,  es},
    crossref = {10.4067/S0718-48082013000300011},
    pages = {363-371},
    URL = {http://www.scielo.cl/scielo.php?script=sci_arttext&pid=S0718-48082013000300011&lang=pt},
    }

@article{BARBOSA2012,
    title = {{Use of ecological niche models to predict the distribution of invasive species: a scientometric analysis}},
    journal = {{Brazilian Journal of Biology}},
    author = {Barbosa, FG.,  Schneck, F.,  Melo, AS.},
    volume = {72},
    year = {2012},
    publisher = {scielo},
    language = {en,  pt},
    month = {11},
    crossref = {10.1590/S1519-69842012000500007},
    pages = {821-829},
    URL = {http://www.scielo.br/scielo.php?script=sci_arttext&pid=S1519-69842012000500007&lang=pt},
    }

@article{DA SILVA MOTTA2012,
    title = {{Assessment of Non-Financial Criteria in the Selection of Investment Projects for Seed Capital Funding: the Contribution of Scientometrics and Patentometrics}},
    journal = {{Journal of technology management &amp; innovation}},
    author = {da Silva Motta, Gustavo,  Hermida Quintella, Rogério},
    volume = {7},
    year = {2012},
    publisher = {scielo},
    language = {en},
    month = {10},
    crossref = {10.4067/S0718-27242012000300015},
    pages = {172-197},
    URL = {http://www.scielo.cl/scielo.php?script=sci_arttext&pid=S0718-27242012000300015&lang=pt},
    }

@article{ARENCIBIA JORGE2012,
    title = {{Sistematicidad en la evaluación de la actividad científica desde una perspectiva cienciométrica}},
    journal = {{ACIMED}},
    author = {ARENCIBIA JORGE, RICARDO},
    volume = {23},
    year = {2012},
    publisher = {scielo},
    language = {es},
    month = {09},
    pages = {215-218},
    URL = {http://scielo.sld.cu/scielo.php?script=sci_arttext&pid=S1024-94352012000300001&lang=pt},
    }

@article{GREGORI JúNIOR2012,
    title = {{Proposta de um índice cientométrico individual, com ênfase na ponderação positiva da participação do primeiro autor: índice h-fac}},
    journal = {{Brazilian Journal of Cardiovascular Surgery}},
    author = {Gregori Júnior, Francisco,  Godoy, Moacir Fernandes de,  Gregori, Francisco Ferreira},
    volume = {27},
    year = {2012},
    publisher = {scielo},
    language = {en,  pt},
    month = {09},
    crossref = {10.5935/1678-9741.20120064},
    pages = {370-376},
    URL = {http://www.scielo.br/scielo.php?script=sci_arttext&pid=S0102-76382012000300006&lang=pt},
    }

@article{LUCHS2012,
    title = {{Profile of Brazilian scientific production on A/H1N1 pandemic influenza}},
    journal = {{Ciência &amp; Saúde Coletiva}},
    author = {Luchs, Adriana},
    volume = {17},
    year = {2012},
    publisher = {scielo},
    language = {en,  pt},
    month = {06},
    pages = {1629-1634},
    URL = {http://www.scielo.br/scielo.php?script=sci_arttext&pid=S1413-81232012000600025&lang=pt},
    }

@article{LUCHS2012,
    title = {{Profile of Brazilian scientific production on A/H1N1 pandemic influenza}},
    journal = {{Ciência &amp; Saúde Coletiva}},
    author = {Luchs, Adriana},
    volume = {17},
    year = {2012},
    publisher = {scielo},
    language = {en,  pt},
    month = {06},
    crossref = {10.1590/S1413-81232012000600025},
    pages = {1629-1634},
    URL = {http://www.scielosp.org/scielo.php?script=sci_arttext&pid=S1413-81232012000600025&lang=pt},
    }

@article{DIAS2012,
    title = {{Net cages in fish farming: a scientometric analysis}},
    journal = {{Acta Limnologica Brasiliensia}},
    author = {Dias, Juliana Déo,  Simões, Nadson Ressyé,  Bonecker, Cláudia Costa},
    volume = {24},
    year = {2012},
    publisher = {scielo},
    language = {en,  pt},
    month = {03},
    crossref = {10.1590/S2179-975X2012000100002},
    pages = {12-17},
    URL = {http://www.scielo.br/scielo.php?script=sci_arttext&pid=S2179-975X2012000100002&lang=pt},
    }

@article{ARENCIBIA JORGE2012,
    title = {{Patrones de especialización de la investigación cubana en salud}},
    journal = {{Revista Cubana de Salud Pública}},
    author = {Arencibia Jorge, Ricardo,  Vega Almeida, Rosa Lidia,  Chinchilla Rodríguez, Zaida,  Corera Álvarez, Elena,  de Moya Anegón, Félix},
    volume = {38},
    year = {2012},
    publisher = {scielo},
    language = {en,  es},
    crossref = {10.1590/S0864-34662012000500007},
    pages = {734-747},
    URL = {http://scielo.sld.cu/scielo.php?script=sci_arttext&pid=S0864-34662012000500007&lang=pt},
    }

@article{ARENCIBIA JORGE2012,
    title = {{Patrones de especialización de la investigación cubana en salud}},
    journal = {{Revista Cubana de Salud Pública}},
    author = {Arencibia Jorge, Ricardo,  Vega Almeida, Rosa Lidia,  Chinchilla Rodríguez, Zaida,  Corera Álvarez, Elena,  de Moya Anegón, Félix},
    volume = {38},
    year = {2012},
    publisher = {scielo},
    language = {en,  es},
    crossref = {10.1590/s0864-34662012000500007},
    pages = {734-747},
    URL = {http://www.scielosp.org/scielo.php?script=sci_arttext&pid=S0864-34662012000500007&lang=pt},
    }

@article{POURIS2012,
    title = {{Science in South Africa: the dawn of a renaissance?}},
    journal = {{South African Journal of Science}},
    author = {Pouris, Anastassios},
    volume = {108},
    year = {2012},
    publisher = {scielo},
    language = {en},
    pages = {83-89},
    URL = {http://www.scielo.org.za/scielo.php?script=sci_arttext&pid=S0038-23532012000400016&lang=pt},
    }

@article{ARBOIT2011,
    title = {{Produção de trabalhos científicos em eventos nacionais da área de ciência da informação}},
    journal = {{Transinformação}},
    author = {Arboit, Aline Elis,  Bufrem, Leilah Santiago},
    volume = {23},
    year = {2011},
    publisher = {scielo},
    language = {en,  pt},
    month = {12},
    crossref = {10.1590/S0103-37862011000300003},
    pages = {207-217},
    URL = {http://www.scielo.br/scielo.php?script=sci_arttext&pid=S0103-37862011000300003&lang=pt},
    }

@article{KHOUBNASABJAFARI2011,
    title = {{Contribution of Iranian chemists in research activities, on the occasion of the International Year of Chemistry}},
    journal = {{Revista Colombiana de Ciencias Químico - Farmacéuticas}},
    author = {Khoubnasabjafari, Maryam,  Sadeghifar, Eliza,  Khalili, Majid,  Vaez-Gharamaleki, Jalil,  Jouyban, Abolghasem},
    volume = {40},
    year = {2011},
    publisher = {scielo},
    language = {en,  es},
    month = {12},
    pages = {240-260},
    URL = {http://www.scielo.org.co/scielo.php?script=sci_arttext&pid=S0034-74182011000200007&lang=pt},
    }

@article{PUCHE2011,
    title = {{El factor de impacto, sus variantes y su influencia en la promoción académica}},
    journal = {{Medicina (Buenos Aires)}},
    author = {Puche, Rodolfo C.},
    volume = {71},
    year = {2011},
    publisher = {scielo},
    language = {en,  es},
    month = {10},
    pages = {484-489},
    URL = {http://www.scielo.org.ar/scielo.php?script=sci_arttext&pid=S0025-76802011000700017&lang=pt},
    }

@article{ARBOIT2011,
    title = {{A produção Brasileira em Ciência da Informação no exterior como reflexo de institucionalização científica}},
    journal = {{Perspectivas em Ciência da Informação}},
    author = {Arboit, Aline Elis,  Bufrem, Leilah Santiago,  González, José Antonio Moreiro},
    volume = {16},
    year = {2011},
    publisher = {scielo},
    language = {en,  pt},
    month = {09},
    crossref = {10.1590/S1413-99362011000300005},
    pages = {75-92},
    URL = {http://www.scielo.br/scielo.php?script=sci_arttext&pid=S1413-99362011000300005&lang=pt},
    }

@article{MENEGHINI2011,
    title = {{Citations to papers from Brazilian institutions: a more effective indicator to assess productivity and the impact of research in graduate programs}},
    journal = {{Brazilian Journal of Medical and Biological Research}},
    author = {Meneghini, R.},
    volume = {44},
    year = {2011},
    publisher = {scielo},
    language = {en},
    month = {08},
    crossref = {10.1590/S0100-879X2011000800002},
    pages = {738-747},
    URL = {http://www.scielo.br/scielo.php?script=sci_arttext&pid=S0100-879X2011000800002&lang=pt},
    }

@article{RAU2011,
    title = {{¿Sigue la producción de artículos ISI de los ecólogos chilenos (sensu lato) la ley de Lotka (1926)?}},
    journal = {{Revista chilena de historia natural}},
    author = {RAU, JAIME R},
    volume = {84},
    year = {2011},
    publisher = {scielo},
    language = {en,  es},
    month = {06},
    crossref = {10.4067/S0716-078X2011000200007},
    pages = {213-216},
    URL = {http://www.scielo.cl/scielo.php?script=sci_arttext&pid=S0716-078X2011000200007&lang=pt},
    }

@article{MOURA2011,
    title = {{Co-autoria em artigos e patentes: um estudo da interação entre a produção científica e tecnológica}},
    journal = {{Perspectivas em Ciência da Informação}},
    author = {Moura, Ana Maria Mielniczuk de,  Caregnato, Sonia Elisa},
    volume = {16},
    year = {2011},
    publisher = {scielo},
    language = {en,  pt},
    month = {06},
    crossref = {10.1590/S1413-99362011000200010},
    pages = {153-167},
    URL = {http://www.scielo.br/scielo.php?script=sci_arttext&pid=S1413-99362011000200010&lang=pt},
    }

@article{JIMéNEZ-HERNáNDEZ2011,
    title = {{La Gestión de Tecnologías Emergentes en el Ámbito Universitario}},
    journal = {{Tecno Lógicas}},
    author = {Jiménez-Hernández, Claudia N.,  Castellanos-Domínguez, Oscar F.,  Villa-Enciso, Eliana M.},
    volume = {},
    year = {2011},
    publisher = {scielo},
    language = {en,  es},
    month = {06},
    pages = {145-163},
    URL = {http://www.scielo.org.co/scielo.php?script=sci_arttext&pid=S0123-77992011000100009&lang=pt},
    }

@article{LóPEZ2011,
    title = {{}},
    journal = {{Estudos de Psicologia (Natal)}},
    author = {López, Wilson López,  Silva, Luis Manuel,  García-Cepero, María Caridad,  Bustamante, María Constanza Aguilar,  López, Eduardo Aguado},
    volume = {16},
    year = {2011},
    publisher = {scielo},
    language = {en,  es,  pt},
    month = {04},
    crossref = {10.1590/S1413-294X2011000100003},
    pages = {17-22},
    URL = {http://www.scielo.br/scielo.php?script=sci_arttext&pid=S1413-294X2011000100003&lang=pt},
    }

@article{GONZáLEZ DE DIOS2011,
    title = {{Aproximación al &quot;impacto&quot; de las revistas biomédicas en Pediatría: estudio de los indicadores bibliométricos en Journal Citation Reports-Science Citation Index 2009}},
    journal = {{Pediatría Atención Primaria}},
    author = {González de Dios, J.,  González Alcaide, G.,  Valderrama-Zurián, J.C.,  Aleixandre-Benavent, R.},
    volume = {13},
    year = {2011},
    publisher = {scielo},
    language = {en,  es},
    month = {03},
    pages = {63-82},
    URL = {http://scielo.isciii.es/scielo.php?script=sci_arttext&pid=S1139-76322011000100006&lang=pt},
    }

@article{NABOUT2010,
    title = {{Global literature of fiddler crabs, genus Uca (Decapoda, Ocypodidae): trends and future directions}},
    journal = {{Iheringia. Série Zoologia}},
    author = {Nabout, João C.,  Bini, Luis M.,  Diniz-Filho, José A. F.},
    volume = {100},
    year = {2010},
    publisher = {scielo},
    language = {en,  pt},
    month = {12},
    crossref = {10.1590/S0073-47212010000400019},
    pages = {463-468},
    URL = {http://www.scielo.br/scielo.php?script=sci_arttext&pid=S0073-47212010000400019&lang=pt},
    }

@article{CAñEDO ANDALIA2010,
    title = {{SCImago Journal &amp; Country Rank, una plataforma para la evaluación del comportamiento de la ciencia según fuentes documentales y países}},
    journal = {{ACIMED}},
    author = {Cañedo Andalia, Rubén,  Dorta Contreras, Alberto Juan},
    volume = {21},
    year = {2010},
    publisher = {scielo},
    language = {en,  es},
    month = {09},
    pages = {310-320},
    URL = {http://scielo.sld.cu/scielo.php?script=sci_arttext&pid=S1024-94352010000300005&lang=pt},
    }

@article{MACHADO2010,
    title = {{Pitfalls of artificial grouping and stratification of scientific journals based on their Impact Factor: a case study in Brazilian Zoology}},
    journal = {{Zoologia (Curitiba)}},
    author = {Machado, Fábio A.,  Zaher, Hussam},
    volume = {27},
    year = {2010},
    publisher = {scielo},
    language = {en},
    month = {08},
    crossref = {10.1590/S1984-46702010000400002},
    pages = {493-502},
    URL = {http://www.scielo.br/scielo.php?script=sci_arttext&pid=S1984-46702010000400002&lang=pt},
    }

@article{VANZ2010,
    title = {{Colaboração científica: revisão teórico-conceitual}},
    journal = {{Perspectivas em Ciência da Informação}},
    author = {Vanz, Samile Andrea de Souza,  Stumpf, Ida Regina Chittó},
    volume = {15},
    year = {2010},
    publisher = {scielo},
    language = {en,  pt},
    month = {08},
    crossref = {10.1590/S1413-99362010000200004},
    pages = {42-55},
    URL = {http://www.scielo.br/scielo.php?script=sci_arttext&pid=S1413-99362010000200004&lang=pt},
    }

@article{PINTO2010,
    title = {{Visibilidade e monitoramento científico na área nuclear e ciências relacionadas: uma perspectiva a partir da produtividade do IPEN-CNEN/SP}},
    journal = {{Perspectivas em Ciência da Informação}},
    author = {Pinto, Adilson Luiz,  Igami, Mery P. Zamudio,  Bressiani, José Carlos},
    volume = {15},
    year = {2010},
    publisher = {scielo},
    language = {en,  pt},
    month = {08},
    crossref = {10.1590/S1413-99362010000200013},
    pages = {198-218},
    URL = {http://www.scielo.br/scielo.php?script=sci_arttext&pid=S1413-99362010000200013&lang=pt},
    }

@article{HERNáNDEZ-JARAMILLO2010,
    title = {{INVESTIGACIÓN CLÍNICA EN FONOAUDIOLOGÍA: ANÁLISIS DE LA LITERATURA CIENTÍFICA 2005-2009}},
    journal = {{Revista de la Facultad de Medicina}},
    author = {Hernández-Jaramillo, Janeth,  Cruz-Velandia, Israel,  Torres-Narváez, Martha},
    volume = {58},
    year = {2010},
    publisher = {scielo},
    language = {en,  es},
    month = {07},
    pages = {204-213},
    URL = {http://www.scielo.org.co/scielo.php?script=sci_arttext&pid=S0120-00112010000300005&lang=pt},
    }

@article{GUARIDO FILHO2010,
    title = {{The development of institutional theory in the field of organization studies in Brazil}},
    journal = {{Cadernos EBAPE.BR}},
    author = {Guarido Filho, Edson Ronaldo,  Machado-da-Silva, Clóvis L.},
    volume = {8},
    year = {2010},
    publisher = {scielo},
    language = {en,  pt},
    month = {06},
    crossref = {10.1590/S1679-39512010000200007},
    pages = {278-301},
    URL = {http://www.scielo.br/scielo.php?script=sci_arttext&pid=S1679-39512010000200007&lang=pt},
    }

@article{GUARIDO FILHO2010,
    title = {{The social and intellectual dimensions in the construction of scientific knowledge: the institutional theory in organization studies in Brazil}},
    journal = {{BAR - Brazilian Administration Review}},
    author = {Guarido Filho, Edson Ronaldo,  Machado-da-Silva, Clóvis L.,  Rossoni, Luciano},
    volume = {7},
    year = {2010},
    publisher = {scielo},
    language = {en},
    month = {06},
    crossref = {10.1590/S1807-76922010000200003},
    pages = {136-154},
    URL = {http://www.scielo.br/scielo.php?script=sci_arttext&pid=S1807-76922010000200003&lang=pt},
    }

@article{MARTINS2009,
    title = {{Análise cientométrica dos periódicos em Ciências da Saúde e áreas correlatas disponíveis no Portal de Periódicos da Capes}},
    journal = {{Perspectivas em Ciência da Informação}},
    author = {Martins, Cláudia Araújo,  Braile, Domingo Marcolino},
    volume = {14},
    year = {2009},
    publisher = {scielo},
    language = {en,  pt},
    month = {12},
    crossref = {10.1590/S1413-99362009000300006},
    pages = {75-93},
    URL = {http://www.scielo.br/scielo.php?script=sci_arttext&pid=S1413-99362009000300006&lang=pt},
    }

@article{TEIXEIRA2009,
    title = {{Considerações sobre as relações entre a análise de citação e a pesquisa científica colaborativa}},
    journal = {{Transinformação}},
    author = {Teixeira, Márcia de Oliveira,  Machado, Carlos José Saldanha,  Filipecki, Ana Tereza Pinto,  Hasenclever, Lia,  Klein, Helena Espellet},
    volume = {21},
    year = {2009},
    publisher = {scielo},
    language = {en,  pt},
    month = {12},
    crossref = {10.1590/S0103-37862009000300005},
    pages = {225-234},
    URL = {http://www.scielo.br/scielo.php?script=sci_arttext&pid=S0103-37862009000300005&lang=pt},
    }

@article{JIMéNEZ HERNáNDEZ2009,
    title = {{Manufactura biológica e inteligente: atributos de la vida aplicados al desarrollo tecnológico}},
    journal = {{Ingeniería e Investigación}},
    author = {Jiménez Hernández, Claudia Nelcy,  Castellanos Domínguez, Oscar Fernando,  Montoya Restrepo, Luz Alexandra},
    volume = {29},
    year = {2009},
    publisher = {scielo},
    language = {en,  es},
    month = {08},
    pages = {127-134},
    URL = {http://www.scielo.org.co/scielo.php?script=sci_arttext&pid=S0120-56092009000200020&lang=pt},
    }

@article{SCARANO2009,
    title = {{A profile of the impact of Acta Botanica Brasilica: reflections on how to improve visibility and recognition of a scientific journal}},
    journal = {{Acta Botanica Brasilica}},
    author = {Scarano, Fabio Rubio,  De Toni, Karen,  Amarante, Cristiana Vasconcellos Goulart},
    volume = {23},
    year = {2009},
    publisher = {scielo},
    language = {en,  pt},
    month = {06},
    crossref = {10.1590/S0102-33062009000200032},
    pages = {606-611},
    URL = {http://www.scielo.br/scielo.php?script=sci_arttext&pid=S0102-33062009000200032&lang=pt},
    }

@article{RUMMLER2008,
    title = {{A disseminação de conteúdos em periódicos: propriedades bibliométricas, representações e medidas}},
    journal = {{Ciência da Informação}},
    author = {Rummler, Guido},
    volume = {37},
    year = {2008},
    publisher = {scielo},
    language = {en,  pt},
    month = {12},
    crossref = {10.1590/S0100-19652008000300004},
    pages = {51-59},
    URL = {http://www.scielo.br/scielo.php?script=sci_arttext&pid=S0100-19652008000300004&lang=pt},
    }

@article{WITTER2008,
    title = {{Psicologia da saúde e produção científica}},
    journal = {{Estudos de Psicologia (Campinas)}},
    author = {Witter, Geraldina Porto},
    volume = {25},
    year = {2008},
    publisher = {scielo},
    language = {en,  pt},
    month = {12},
    crossref = {10.1590/S0103-166X2008000400012},
    pages = {577-584},
    URL = {http://www.scielo.br/scielo.php?script=sci_arttext&pid=S0103-166X2008000400012&lang=pt},
    }

@article{MICHáN2008,
    title = {{Análisis de la sistemática actual en Latinoamérica}},
    journal = {{Interciencia}},
    author = {Michán, Layla,  Russell, Jane M,  Sánchez Pereyra, Antonio,  Llorens Cruset, Antonia,  López Beltrán, Carlos},
    volume = {33},
    year = {2008},
    publisher = {scielo},
    language = {en,  pt,  es},
    month = {10},
    pages = {754-761},
    URL = {http://www.scielo.org.ve/scielo.php?script=sci_arttext&pid=S0378-18442008001000010&lang=pt},
    }

@article{JEENAH2008,
    title = {{South African research in the context of Africa and globally}},
    journal = {{South African Journal of Science}},
    author = {Jeenah, Mohammed,  Pouris, Anastassios},
    volume = {104},
    year = {2008},
    publisher = {scielo},
    language = {en},
    month = {10},
    pages = {351-354},
    URL = {http://www.scielo.org.za/scielo.php?script=sci_arttext&pid=S0038-23532008000500008&lang=pt},
    }

@article{KRAUSKOPF2008,
    title = {{Una mirada epistemométrica de la Revista Médica de Chile y su aporte al conocimiento en Medicina}},
    journal = {{Revista médica de Chile}},
    author = {Krauskopf, Manuel,  Krauskopf, Erwin},
    volume = {136},
    year = {2008},
    publisher = {scielo},
    language = {en,  es},
    month = {08},
    crossref = {10.4067/S0034-98872008000800016},
    pages = {1065-1072},
    URL = {http://www.scielo.cl/scielo.php?script=sci_arttext&pid=S0034-98872008000800016&lang=pt},
    }

@article{ARENCIBIA JORGE2008,
    title = {{La evaluación de la investigación científica: una aproximación teórica desde la cienciometría}},
    journal = {{ACIMED}},
    author = {Arencibia Jorge, Ricardo,  de Moya Anegón, Félix},
    volume = {17},
    year = {2008},
    publisher = {scielo},
    language = {en,  es},
    month = {04},
    URL = {http://scielo.sld.cu/scielo.php?script=sci_arttext&pid=S1024-94352008000400004&lang=pt},
    }

@article{MUGNAINI2008,
    title = {{Comparison of scientists of the Brazilian Academy of Sciences and of the National Academy of Sciences of the USA on the basis of the h-index}},
    journal = {{Brazilian Journal of Medical and Biological Research}},
    author = {Mugnaini, R.,  Packer, A.L.,  Meneghini, R.},
    volume = {41},
    year = {2008},
    publisher = {scielo},
    language = {en},
    month = {04},
    pages = {258-262},
    URL = {http://www.scielo.br/scielo.php?script=sci_arttext&pid=S0100-879X2008000400001&lang=pt},
    }

@article{DíAZ PéREZ2008,
    title = {{El documento de patente y su estructura}},
    journal = {{ACIMED}},
    author = {Díaz Pérez, Maidelyn},
    volume = {17},
    year = {2008},
    publisher = {scielo},
    language = {en,  es},
    month = {02},
    URL = {http://scielo.sld.cu/scielo.php?script=sci_arttext&pid=S1024-94352008000200008&lang=pt},
    }

@article{MACHADO2007,
    title = {{Análise cientométrica dos estudos bibliométricos publicados em periódicos da área de biblioteconomia e ciência da informação (1990-2005)}},
    journal = {{Perspectivas em Ciência da Informação}},
    author = {Machado, Raymundo das Neves},
    volume = {12},
    year = {2007},
    publisher = {scielo},
    language = {en,  pt},
    month = {12},
    crossref = {10.1590/S1413-99362007000300002},
    pages = {2-20},
    URL = {http://www.scielo.br/scielo.php?script=sci_arttext&pid=S1413-99362007000300002&lang=pt},
    }

@article{PACKER2007,
    title = {{Learning to communicate science in developing countries}},
    journal = {{Interciencia}},
    author = {Packer, Abel L,  Meneghini, Rogerio},
    volume = {32},
    year = {2007},
    publisher = {scielo},
    language = {en,  es,  pt},
    month = {09},
    pages = {643-647},
    URL = {http://www.scielo.org.ve/scielo.php?script=sci_arttext&pid=S0378-18442007000900014&lang=pt},
    }

@article{WITTER2007,
    title = {{British psychophysiology society annual meeting (2005): análise da produção}},
    journal = {{Ciência da Informação}},
    author = {Witter, Geraldina,  Souza, Jamili Salem},
    volume = {36},
    year = {2007},
    publisher = {scielo},
    language = {en,  pt},
    month = {08},
    crossref = {10.1590/S0100-19652007000200009},
    pages = {85-91},
    URL = {http://www.scielo.br/scielo.php?script=sci_arttext&pid=S0100-19652007000200009&lang=pt},
    }

@article{VEGA ALMEIDA2007,
    title = {{Mujer y desarrollo en ciencias de la salud: un estudio cienciométrico del Reporte Técnico de Vigilancia desde la perspectiva de género}},
    journal = {{ACIMED}},
    author = {Vega Almeida, Rosa Lidia,  Risco Nolla, Lidiet del,  Arencibia Jorge, Ricardo},
    volume = {16},
    year = {2007},
    publisher = {scielo},
    language = {en,  es},
    month = {07},
    URL = {http://scielo.sld.cu/scielo.php?script=sci_arttext&pid=S1024-94352007000700006&lang=pt},
    }

@article{CHAVIANO2007,
    title = {{Análisis bibliométrico y de calidad de la revista Signo y Pensamiento (1982-2006)}},
    journal = {{Signo y Pensamiento}},
    author = {Chaviano, Orlando Gregorio},
    volume = {},
    year = {2007},
    publisher = {scielo},
    language = {en,  es},
    month = {06},
    pages = {22-32},
    URL = {http://www.scielo.org.co/scielo.php?script=sci_arttext&pid=S0120-48232007000100003&lang=pt},
    }

@article{ESTRADA2006,
    title = {{Aproximación al estudio de las tendencias e impacto de la producción científica en salud ocupacional: Estudio de una publicación periódica}},
    journal = {{Salud de los Trabajadores}},
    author = {Estrada, María,  Sánchez Tovar, Ligia,  Gómez, Wuilman},
    volume = {14},
    year = {2006},
    publisher = {scielo},
    language = {en,  es},
    month = {12},
    pages = {69-79},
    URL = {http://www.scielo.org.ve/scielo.php?script=sci_arttext&pid=S1315-01382006000200006&lang=pt},
    }

@article{PEREIRA2006,
    title = {{Revista de Saúde Pública: quarenta anos da produção científica no Brasil}},
    journal = {{Revista de Saúde Pública}},
    author = {Pereira, Júlio Cesar Rodrigues},
    volume = {40},
    year = {2006},
    publisher = {scielo},
    language = {en,  pt},
    month = {08},
    crossref = {10.1590/S0034-89102006000400020},
    pages = {148-159},
    URL = {http://www.scielo.br/scielo.php?script=sci_arttext&pid=S0034-89102006000400020&lang=pt},
    }

@article{COUTINHO2006,
    title = {{Produção científica em nutrição e percepção pública da fome e alimentação no Brasil}},
    journal = {{Revista de Saúde Pública}},
    author = {Coutinho, Marília,  Lucatelli, Márcio},
    volume = {40},
    year = {2006},
    publisher = {scielo},
    language = {en,  pt},
    month = {08},
    crossref = {10.1590/S0034-89102006000400013},
    pages = {86-92},
    URL = {http://www.scielo.br/scielo.php?script=sci_arttext&pid=S0034-89102006000400013&lang=pt},
    }

@article{RUMMLER2006,
    title = {{Modelagem de um indicador bibliométrico para análise da dispersão de conhecimentos}},
    journal = {{Ciência da Informação}},
    author = {Rummler, Guido},
    volume = {35},
    year = {2006},
    publisher = {scielo},
    language = {en,  pt},
    month = {04},
    crossref = {10.1590/S0100-19652006000100008},
    pages = {63-71},
    URL = {http://www.scielo.br/scielo.php?script=sci_arttext&pid=S0100-19652006000100008&lang=pt},
    }

@article{BELTRáN GALVIS2006,
    title = {{Factor de impacto}},
    journal = {{Revista Colombiana de Gastroenterologia}},
    author = {Beltrán Galvis, Óscar Alfredo},
    volume = {21},
    year = {2006},
    publisher = {scielo},
    language = {en,  es},
    month = {03},
    pages = {57-61},
    URL = {http://www.scielo.org.co/scielo.php?script=sci_arttext&pid=S0120-99572006000100009&lang=pt},
    }

@article{WITTER2005,
    title = {{Pós-Graduação em Psicologia na PUC-Campinas: dissertações e teses (1975-2004)}},
    journal = {{Estudos de Psicologia (Campinas)}},
    author = {Witter, Geraldina Porto},
    volume = {22},
    year = {2005},
    publisher = {scielo},
    language = {en,  pt},
    month = {12},
    crossref = {10.1590/S0103-166X2005000400004},
    pages = {365-370},
    URL = {http://www.scielo.br/scielo.php?script=sci_arttext&pid=S0103-166X2005000400004&lang=pt},
    }

@article{FAVATO2005,
    title = {{Aspectos da cienciometria aplicados a um estudo de caso: área de Letras}},
    journal = {{Transinformação}},
    author = {Favato, Vânia Aparecida Marques,  Godinho, Pedro Henrique},
    volume = {17},
    year = {2005},
    publisher = {scielo},
    language = {en,  pt},
    month = {12},
    crossref = {10.1590/S0103-37862005000300006},
    pages = {285-292},
    URL = {http://www.scielo.br/scielo.php?script=sci_arttext&pid=S0103-37862005000300006&lang=pt},
    }

@article{BARROS2005,
    title = {{Índices cienciométricos e a ciência de enfermagem brasileira}},
    journal = {{Acta Paulista de Enfermagem}},
    author = {Barros, Alba Lucia Bottura Leite de,  Gutiérrez, Maria Gaby R. de,  Michel, Jeanne Liliane Marlene},
    volume = {18},
    year = {2005},
    publisher = {scielo},
    language = {en,  pt,  es},
    month = {12},
    crossref = {10.1590/S0103-21002005000400001},
    pages = {6-8},
    URL = {http://www.scielo.br/scielo.php?script=sci_arttext&pid=S0103-21002005000400001&lang=pt},
    }

@article{CARDOSO2005,
    title = {{Pesquisa científica em contabilidade entre 1990 e 2003}},
    journal = {{Revista de Administração de Empresas}},
    author = {Cardoso, Ricardo Lopes,  Mendonça Neto, Octávio Ribeiro de,  Riccio, Edson Luiz,  Sakata, Marici Cristine Gramacho},
    volume = {45},
    year = {2005},
    publisher = {scielo},
    language = {en,  pt},
    month = {06},
    crossref = {10.1590/S0034-75902005000200004},
    pages = {34-45},
    URL = {http://www.scielo.br/scielo.php?script=sci_arttext&pid=S0034-75902005000200004&lang=pt},
    }

@article{JAFFE2005,
    title = {{}},
    journal = {{Interciencia}},
    author = {Jaffe, Klaus},
    volume = {30},
    year = {2005},
    publisher = {scielo},
    language = {en,  pt,  es},
    month = {06},
    pages = {82-91},
    URL = {http://www.scielo.org.ve/scielo.php?script=sci_arttext&pid=S0378-18442005000600012&lang=pt},
    }

@article{VANTI2005,
    title = {{Os links e os estudos webométricos}},
    journal = {{Ciência da Informação}},
    author = {Vanti, Nadia},
    volume = {34},
    year = {2005},
    publisher = {scielo},
    language = {en,  pt},
    month = {01},
    crossref = {10.1590/S0100-19652005000100009},
    pages = {78-88},
    URL = {http://www.scielo.br/scielo.php?script=sci_arttext&pid=S0100-19652005000100009&lang=pt},
    }

@article{CHAVIANO2004,
    title = {{Algunas consideraciones teórico-conceptuales sobre las disciplinas métricas}},
    journal = {{ACIMED}},
    author = {Chaviano, Orlando Gregorio},
    volume = {12},
    year = {2004},
    publisher = {scielo},
    language = {en,  es},
    month = {10},
    pages = {1-1},
    URL = {http://scielo.sld.cu/scielo.php?script=sci_arttext&pid=S1024-94352004000500007&lang=pt},
    }

@article{KALTENBORN2004,
    title = {{The journal impact factor as a parameter for the evaluation of researchers and research}},
    journal = {{Revista Española de Enfermedades Digestivas}},
    author = {Kaltenborn, K.-F.,  Kuhn, K.},
    volume = {96},
    year = {2004},
    publisher = {scielo},
    language = {en,  es},
    month = {07},
    pages = {460-476},
    URL = {http://scielo.isciii.es/scielo.php?script=sci_arttext&pid=S1130-01082004000700004&lang=pt},
    }

@article{SOUZA2004,
    title = {{Publicações em psicologia do desenvolvimento em dois periódicos nacionais na década de 1990}},
    journal = {{Psico-USF}},
    author = {Souza, Luciana Karine de,  Gauer, Gustavo,  Hutz, Cláudio S.},
    volume = {9},
    year = {2004},
    publisher = {scielo},
    language = {en,  pt},
    month = {06},
    crossref = {10.1590/S1413-82712004000100007},
    pages = {49-57},
    URL = {http://www.scielo.br/scielo.php?script=sci_arttext&pid=S1413-82712004000100007&lang=pt},
    }

@article{SANTOS2003,
    title = {{I Congresso Nacional de Psicologia - Ciência e Profissão: O que tem sido feito na Psicologia Educacional}},
    journal = {{Psicologia Escolar e Educacional}},
    author = {Santos, Acácia Aparecida Angeli dos,  Oliveira, Katya Luciane de,  Joly, Maria Cristina Rodrigues Azevedo,  Suehiro, Adriana Cristina Boulhoça},
    volume = {7},
    year = {2003},
    publisher = {scielo},
    language = {en,  pt},
    month = {12},
    crossref = {10.1590/S1413-85572003000200003},
    pages = {135-144},
    URL = {http://www.scielo.br/scielo.php?script=sci_arttext&pid=S1413-85572003000200003&lang=pt},
    }

@article{SANTOS2003,
    title = {{Indicadores estratégicos em ciência e tecnologia: refletindo a sua prática como dispositivo de inclusão/exclusão}},
    journal = {{Transinformação}},
    author = {Santos, Raimundo Nonato Macedo dos},
    volume = {15},
    year = {2003},
    publisher = {scielo},
    language = {en,  pt},
    month = {12},
    crossref = {10.1590/S0103-37862003000500007},
    pages = {129-140},
    URL = {http://www.scielo.br/scielo.php?script=sci_arttext&pid=S0103-37862003000500007&lang=pt},
    }

@article{MOSTAFA2003,
    title = {{A produção científica da Anped e da Intercom no GT da Educação e Comunicação}},
    journal = {{Ciência da Informação}},
    author = {Mostafa, Solange Puntel,  Máximo, Luis Fernando},
    volume = {32},
    year = {2003},
    publisher = {scielo},
    language = {en,  pt},
    month = {04},
    crossref = {10.1590/S0100-19652003000100010},
    pages = {96-101},
    URL = {http://www.scielo.br/scielo.php?script=sci_arttext&pid=S0100-19652003000100010&lang=pt},
    }

@article{POBLACIóN2002,
    title = {{Produção das literaturas &quot;branca&quot; e &quot;cinzenta&quot; pelos docentes/doutores dos programas de pós-graduação em ciência da informação no Brasil}},
    journal = {{Ciência da Informação}},
    author = {Población, Dinah Aguiar,  Noronha, Daisy Pires},
    volume = {31},
    year = {2002},
    publisher = {scielo},
    language = {en,  pt},
    month = {08},
    crossref = {10.1590/S0100-19652002000200011},
    pages = {98-106},
    URL = {http://www.scielo.br/scielo.php?script=sci_arttext&pid=S0100-19652002000200011&lang=pt},
    }

@article{KRAUSKOPF2002,
    title = {{A Scientometric view of some Biological disciplines in Chile}},
    journal = {{Biological Research}},
    author = {KRAUSKOPF, MANUEL},
    volume = {35},
    year = {2002},
    publisher = {scielo},
    language = {en},
    crossref = {10.4067/S0716-97602002000100012},
    pages = {95-99},
    URL = {http://www.scielo.cl/scielo.php?script=sci_arttext&pid=S0716-97602002000100012&lang=pt},
    }

@article{SPINAK2001,
    title = {{Indicadores cienciométricos}},
    journal = {{ACIMED}},
    author = {Spinak, Ernesto},
    volume = {9},
    year = {2001},
    publisher = {scielo},
    language = {en,  es},
    month = {01},
    pages = {16-18},
    URL = {http://scielo.sld.cu/scielo.php?script=sci_arttext&pid=S1024-94352001000000007&lang=pt},
    }

@article{ROUSSEAU2001,
    title = {{Indicadores bibliométricos y econométricos en la evaluación de instituciones científicas}},
    journal = {{ACIMED}},
    author = {Rousseau, Ronald},
    volume = {9},
    year = {2001},
    publisher = {scielo},
    language = {en,  es},
    month = {01},
    pages = {19-21},
    URL = {http://scielo.sld.cu/scielo.php?script=sci_arttext&pid=S1024-94352001000000008&lang=pt},
    }

@article{WORWELL2001,
    title = {{Informetría: explorando bases de datos como instrumentos de análisis}},
    journal = {{ACIMED}},
    author = {Worwell, Irene},
    volume = {9},
    year = {2001},
    publisher = {scielo},
    language = {en,  es},
    month = {01},
    pages = {46-48},
    URL = {http://scielo.sld.cu/scielo.php?script=sci_arttext&pid=S1024-94352001000000017&lang=pt},
    }

@article{SILVA2001,
    title = {{Cientometria: a métrica da ciência}},
    journal = {{Paidéia (Ribeirão Preto)}},
    author = {Silva, José Aparecido da,  Bianchi, Maria de Lourdes Pires},
    volume = {11},
    year = {2001},
    publisher = {scielo},
    language = {en,  pt},
    crossref = {10.1590/S0103-863X2001000200002},
    pages = {5-10},
    URL = {http://www.scielo.br/scielo.php?script=sci_arttext&pid=S0103-863X2001000200002&lang=pt},
    }

@article{SPINAK2001,
    title = {{Indicadores cienciométricos}},
    journal = {{ACIMED}},
    author = {Spinak, Ernesto},
    volume = {9},
    year = {2001},
    publisher = {scielo},
    language = {en,  es},
    pages = {16-18},
    URL = {http://scielo.sld.cu/scielo.php?script=sci_arttext&pid=S1024-94352001000400007&lang=pt},
    }

@article{ROUSSEAU2001,
    title = {{Indicadores bibliométricos y econométricos en la evaluación de instituciones científicas}},
    journal = {{ACIMED}},
    author = {Rousseau, Ronald},
    volume = {9},
    year = {2001},
    publisher = {scielo},
    language = {en,  es},
    pages = {50-60},
    URL = {http://scielo.sld.cu/scielo.php?script=sci_arttext&pid=S1024-94352001000400008&lang=pt},
    }

@article{WORWELL2001,
    title = {{Informetría: explorando bases de datos como instrumentos de análisis}},
    journal = {{ACIMED}},
    author = {Worwell, Irene},
    volume = {9},
    year = {2001},
    publisher = {scielo},
    language = {en,  es},
    pages = {115-121},
    URL = {http://scielo.sld.cu/scielo.php?script=sci_arttext&pid=S1024-94352001000400017&lang=pt},
    }

@article{YAMAMOTO1999,
    title = {{A produção científica na psicologia: uma análise dos periódicos brasileiros no período 1990-1997}},
    journal = {{Psicologia: Reflexão e Crítica}},
    author = {Yamamoto, Oswaldo H.,  Souza, Carina Cavalcanti de,  Yamamoto, Maria Emília},
    volume = {12},
    year = {1999},
    publisher = {scielo},
    language = {en,  pt},
    crossref = {10.1590/S0102-79721999000200019},
    pages = {549-565},
    URL = {http://www.scielo.br/scielo.php?script=sci_arttext&pid=S0102-79721999000200019&lang=pt},
    }

@article{WORMELL1998,
    title = {{Informetria: explorando bases de dados como instrumentos de análise}},
    journal = {{Ciência da Informação}},
    author = {Wormell, Irene},
    volume = {27},
    year = {1998},
    publisher = {scielo},
    language = {en,  pt},
    crossref = {10.1590/S0100-19651998000200016},
    pages = {210-216},
    URL = {http://www.scielo.br/scielo.php?script=sci_arttext&pid=S0100-19651998000200016&lang=pt},
    }

@article{ROUSSEAU1998,
    title = {{Indicadores bibliométricos e econométricos para a avaliação de instituições científicas}},
    journal = {{Ciência da Informação}},
    author = {Rousseau, Ronald},
    volume = {27},
    year = {1998},
    publisher = {scielo},
    language = {en,  pt},
    crossref = {10.1590/S0100-19651998000200007},
    pages = {149-158},
    URL = {http://www.scielo.br/scielo.php?script=sci_arttext&pid=S0100-19651998000200007&lang=pt},
    }

@article{SPINAK1998,
    title = {{Indicadores cienciometricos}},
    journal = {{Ciência da Informação}},
    author = {Spinak, Ernesto},
    volume = {27},
    year = {1998},
    publisher = {scielo},
    language = {en,  pt,  es},
    crossref = {10.1590/S0100-19651998000200006},
    pages = {141-148},
    URL = {http://www.scielo.br/scielo.php?script=sci_arttext&pid=S0100-19651998000200006&lang=pt},
    }

@article{VIACAVA1997,
    title = {{Difusão da Produção Científica dos Cursos de Pós-Graduação em Saúde Coletiva}},
    journal = {{Ciência &amp; Saúde Coletiva}},
    author = {Viacava, Francisco,  Ramos, Célia Leitão},
    volume = {2},
    year = {1997},
    publisher = {scielo},
    language = {en,  pt},
    crossref = {10.1590/1413-812319972100452014},
    pages = {142-153},
    URL = {http://www.scielo.br/scielo.php?script=sci_arttext&pid=S1413-81231997000100142&lang=pt},
    }

@article{LUZ1997,
    title = {{A Produção Científica em Saúde Coletiva (1994-1995)}},
    journal = {{Ciência &amp; Saúde Coletiva}},
    author = {Luz, Madel T.},
    volume = {2},
    year = {1997},
    publisher = {scielo},
    language = {en,  pt},
    crossref = {10.1590/1413-812319972100342014},
    pages = {117-141},
    URL = {http://www.scielo.br/scielo.php?script=sci_arttext&pid=S1413-81231997000100117&lang=pt},
    }

@article{LUZ1997,
    title = {{A Produção Científica em Saúde Coletiva (1994-1995)}},
    journal = {{Ciência &amp; Saúde Coletiva}},
    author = {Luz, Madel T.},
    volume = {2},
    year = {1997},
    publisher = {scielo},
    language = {en,  pt},
    crossref = {10.1590/1413-812319972100342014},
    pages = {117-141},
    URL = {http://www.scielosp.org/scielo.php?script=sci_arttext&pid=S1413-81231997000100117&lang=pt},
    }

@article{VIACAVA1997,
    title = {{Difusão da Produção Científica dos Cursos de Pós-Graduação em Saúde Coletiva}},
    journal = {{Ciência &amp; Saúde Coletiva}},
    author = {Viacava, Francisco,  Ramos, Célia Leitão},
    volume = {2},
    year = {1997},
    publisher = {scielo},
    language = {en,  pt},
    crossref = {10.1590/1413-812319972100452014},
    pages = {142-153},
    URL = {http://www.scielosp.org/scielo.php?script=sci_arttext&pid=S1413-81231997000100142&lang=pt},
    }